@book{Raibert1986LeggedRobotsThatBalance,
address = {Cambridge, MA},
author = {Raibert, Marc},
isbn = {0262181177},
publisher = {MIT Press},
title = {{Legged Robots That Balance}},
url = {http://portal.acm.org/citation.cfm?id=6152&dl=GUIDE},
year = {1986}
}
@article{Vukobratovic2004ZeroMomentPoint,
author = {Vukobratovi\'{c}, Miomir and Borovac, Branislav},
issn = {0219-8436},
journal = {International Journal of Humanoid Robotics},
number = {01},
pages = {157--173},
publisher = {World Scientific},
title = {{Zero-moment point â€” thirty five years of its life}},
volume = {1},
year = {2004}
}
@inproceedings{Pratt1995SEA,
author = {Pratt, Gill A. and Williamson, Matthew M.},
booktitle = {IEEE/RSJ International Conference on Intelligent Robots and Systems (IROS)},
doi = {10.1109/IROS.1995.525827},
pages = {3137--3181},
title = {{Series elastic actuators}},
url = {http://ieeexplore.ieee.org/lpdocs/epic03/wrapper.htm?arnumber=525827},
year = {1995}
}
@INPROCEEDINGS{6981466, 
author={Leutenegger, S. and Melzer, A. and Alexis, K. and Siegwart, R.}, 
booktitle={Control Applications (CCA), 2014 IEEE Conference on}, 
title={Robust state estimation for small unmanned airplanes}, 
year={2014}, 
month={Oct}, 
pages={1003-1010}
}
@misc{atlanticSolar,
	Howpublished = {\url{http://www.atlantiksolar.ethz.ch/?page_id=5}},
	Title = {{Atlantic Solar}},
	Year = {2013}}
@INPROCEEDINGS{Leutenegger-RSS-13, 
    AUTHOR    = {Stefan Leutenegger AND Paul Furgale AND Vincent Rabaud AND Margarita Chli AND Kurt Konolige AND Roland Siegwart}, 
    TITLE     = {Keyframe-Based Visual-Inertial SLAM using Nonlinear Optimization}, 
    BOOKTITLE = {Proceedings of Robotics: Science and Systems}, 
    YEAR      = {2013}, 
    ADDRESS   = {Berlin, Germany}, 
    MONTH     = {June} 
}
@INPROCEEDINGS{6225147, 
author={Weiss, S. and Achtelik, M.W. and Lynen, S. and Chli, M. and Siegwart, R.}, 
booktitle={Robotics and Automation (ICRA), 2012 IEEE International Conference on}, 
title={Real-time onboard visual-inertial state estimation and self-calibration of MAVs in unknown environments}, 
year={2012}, 
month={May}, 
pages={957-964},
doi={10.1109/ICRA.2012.6225147}, 
ISSN={1050-4729}
}
@MISC{Hesch_towardsconsistent,
    author = {Joel A. Hesch and Dimitrios G. Kottas and Sean L. Bowman and Stergios I. Roumeliotis},
    title = {Towards Consistent Vision-aided Inertial Navigation},
    year = {}
}
@inproceedings{Klein:2007:PTM:1514339.1514363,
 author = {Klein, Georg and Murray, David},
 title = {Parallel Tracking and Mapping for Small AR Workspaces},
 booktitle = {Proceedings of the 2007 6th IEEE and ACM International Symposium on Mixed and Augmented Reality},
 series = {ISMAR '07},
 year = {2007},
 isbn = {978-1-4244-1749-0},
 pages = {1--10},
 numpages = {10},
 url = {http://dx.doi.org/10.1109/ISMAR.2007.4538852},
 doi = {10.1109/ISMAR.2007.4538852},
 acmid = {1514363},
 publisher = {IEEE Computer Society},
 address = {Washington, DC, USA},
}
@string{eccv="European Conference on Computer Vision (ECCV)"}
@inproceedings{engel14eccv,
author={J. Engel and T. Sch\"ops and D. Cremers},
title={{LSD-SLAM}: Large-Scale Direct Monocular {SLAM}},
year= {2014},
month={September},
booktitle = eccv,
keywords={rgb-d, monocular, slam, semidense, lsdslam},
award = {Oral Presentation}
}
@string{iccv="IEEE International Conference on Computer Vision (ICCV)"}
@inproceedings{engel2013iccv,
author={J. Engel and J. Sturm and D. Cremers},
title={Semi-Dense Visual Odometry for a Monocular Camera},
year= {2013},
address={Sydney, Australia},
month={December},
booktitle = iccv,
keywords={rgb-d, visual odometry, monocular, slam, semidense}
}
@INPROCEEDINGS{5979949, 
author={Kummerle, R. and Grisetti, G. and Strasdat, H. and Konolige, K. and Burgard, W.}, 
booktitle={Robotics and Automation (ICRA), 2011 IEEE International Conference on}, 
title={G2o: A general framework for graph optimization}, 
year={2011}, 
month={May}, 
pages={3607-3613}, 
doi={10.1109/ICRA.2011.5979949}, 
ISSN={1050-4729}
}
@misc{gtsam,
	Howpublished = {\url{https://borg.cc.gatech.edu/borg/sites/edu.borg/files/downloads/gtsam.pdf}},
	Title = {{Factor Graphs and GTSAM: A Hands-on Introduction}},
	month = {September}, 
	Year = {2012}}

